<?xml version="1.0" encoding="UTF-8"?><record xmlns="http://www.loc.gov/MARC21/slim" xmlns:cinclude="http://apache.org/cocoon/include/1.0" xmlns:zs="http://www.loc.gov/zing/srw/">
  <leader>00652cz  a2200169n  4500</leader>
  <controlfield tag="001">n 2002160817</controlfield>
  <controlfield tag="003">DLC</controlfield>
  <controlfield tag="005">20081111074833.0</controlfield>
  <controlfield tag="008">020913n| acannaabn          |a aaa      </controlfield>
  <datafield tag="010" ind1=" " ind2=" ">
    <subfield code="a">n 2002160817</subfield>
    <subfield code="z">n 2007048096</subfield>
  </datafield>
  <datafield tag="035" ind1=" " ind2=" ">
    <subfield code="a">(OCoLC)oca05864048</subfield>
  </datafield>
  <datafield tag="040" ind1=" " ind2=" ">
    <subfield code="a">DLC</subfield>
    <subfield code="b">eng</subfield>
    <subfield code="c">DLC</subfield>
    <subfield code="d">OkU</subfield>
    <subfield code="d">DLC</subfield>
  </datafield>
  <datafield tag="100" ind1="1" ind2=" ">
    <subfield code="a">Salter, Ammon J.</subfield>
  </datafield>
  <datafield tag="400" ind1="1" ind2=" ">
    <subfield code="a">SorutaĚ, A.</subfield>
  </datafield>
  <datafield tag="670" ind1=" " ind2=" ">
    <subfield code="a">Science and innovation, 2003:</subfield>
    <subfield code="b">CIP t.p. (Ammon J. Salter; research fellow, SPRU--Science and Technology Policy Research, Univ. of Sussex, UK)</subfield>
  </datafield>
  <datafield tag="670" ind1=" " ind2=" ">
    <subfield code="a">OCLC, June 23, 2008</subfield>
    <subfield code="b">(usage: A. SorutaĚ)</subfield>
  </datafield>
  <datafield tag="670" ind1=" " ind2=" ">
    <subfield code="a">Dodgson, Mark. The management of technological innovation, 2008:</subfield>
    <subfield code="b">ECIP t.p. (Ammon Salter)</subfield>
  </datafield>
</record>